<record><leader>00000cas a2200000 a 4500</leader><controlfield tag="001">28528869</controlfield><controlfield tag="008">930728c19349999miuwr ne      0   a0eng c</controlfield><datafield ind1=" " ind2=" " tag="010"><subfield code="a">sn 93004299 </subfield></datafield><datafield ind1=" " ind2=" " tag="040"><subfield code="a">NSD</subfield><subfield code="b">eng</subfield><subfield code="c">NSD</subfield><subfield code="d">MHN</subfield><subfield code="d">OCL</subfield><subfield code="d">OCLCQ</subfield><subfield code="d">DLC</subfield><subfield code="d">OCLCF</subfield><subfield code="d">OCLCO</subfield></datafield><datafield ind1=" " ind2=" " tag="012"><subfield code="l">1</subfield><subfield code="m">1</subfield></datafield><datafield ind1="1" ind2=" " tag="022"><subfield code="a">1071-0019</subfield><subfield code="l">1071-0019</subfield><subfield code="2">1</subfield></datafield><datafield ind1="1" ind2=" " tag="029"><subfield code="a">AU@</subfield><subfield code="b">000025886805</subfield></datafield><datafield ind1=" " ind2=" " tag="032"><subfield code="a">219100</subfield><subfield code="b">USPS</subfield></datafield><datafield ind1=" " ind2=" " tag="037"><subfield code="b">Gladwin County Record, POB 425, Gladwin, MI 48624</subfield></datafield><datafield ind1=" " ind2=" " tag="042"><subfield code="a">nsdp</subfield><subfield code="a">pcc</subfield></datafield><datafield ind1=" " ind2="4" tag="222"><subfield code="a">The Gladwin County record and Beaverton clarion</subfield></datafield><datafield ind1="0" ind2="4" tag="245"><subfield code="a">The Gladwin County record and Beaverton clarion.</subfield></datafield><datafield ind1="1" ind2="3" tag="246"><subfield code="a">Gladwin County record Beaverton clarion</subfield></datafield><datafield ind1="3" ind2="0" tag="246"><subfield code="a">Gladwin County record</subfield></datafield><datafield ind1="3" ind2="0" tag="246"><subfield code="a">Beaverton clarion</subfield></datafield><datafield ind1=" " ind2=" " tag="260"><subfield code="a">Gladwin, Mich. :</subfield><subfield code="b">H.M. Myers, F.E. Perlberg</subfield></datafield><datafield ind1=" " ind2=" " tag="300"><subfield code="a">v.</subfield></datafield><datafield ind1=" " ind2=" " tag="310"><subfield code="a">Weekly</subfield></datafield><datafield ind1="0" ind2=" " tag="362"><subfield code="a">Vol. 57, no. 15 (July 5, 1934)-</subfield></datafield><datafield ind1=" " ind2=" " tag="500"><subfield code="a">Issues for July 5, 1934-Mar. 25, 1942 called: Gladwin County record Beaverton clarion.</subfield></datafield><datafield ind1=" " ind2=" " tag="580"><subfield code="a">Formed by the union of: Gladwin County record, and: Beaverton clarion.</subfield></datafield><datafield ind1=" " ind2="0" tag="651"><subfield code="a">Gladwin (Mich.)</subfield><subfield code="v">Newspapers.</subfield></datafield><datafield ind1=" " ind2="0" tag="651"><subfield code="a">Beaverton (Mich.)</subfield><subfield code="v">Newspapers.</subfield></datafield><datafield ind1=" " ind2="0" tag="651"><subfield code="a">Gladwin County (Mich.)</subfield><subfield code="v">Newspapers.</subfield></datafield><datafield ind1=" " ind2="7" tag="655"><subfield code="a">Newspapers.</subfield><subfield code="2">fast</subfield><subfield code="0">(OCoLC)fst01423814</subfield></datafield><datafield ind1=" " ind2="7" tag="651"><subfield code="a">Michigan</subfield><subfield code="z">Beaverton.</subfield><subfield code="2">fast</subfield><subfield code="0">(OCoLC)fst01268686</subfield></datafield><datafield ind1=" " ind2="7" tag="651"><subfield code="a">Michigan</subfield><subfield code="z">Gladwin.</subfield><subfield code="2">fast</subfield><subfield code="0">(OCoLC)fst01268685</subfield></datafield><datafield ind1=" " ind2="7" tag="651"><subfield code="a">Michigan</subfield><subfield code="z">Gladwin County.</subfield><subfield code="2">fast</subfield><subfield code="0">(OCoLC)fst01214764</subfield></datafield><datafield ind1=" " ind2=" " tag="752"><subfield code="a">United States</subfield><subfield code="b">Michigan</subfield><subfield code="c">Gladwin</subfield><subfield code="d">Gladwin.</subfield></datafield><datafield ind1="0" ind2=" " tag="775"><subfield code="t">Country clarion</subfield><subfield code="w">(DLC)sn 97063263</subfield><subfield code="w">(OCoLC)36545881</subfield></datafield><datafield ind1="1" ind2="4" tag="780"><subfield code="t">Gladwin County record</subfield><subfield code="w">(DLC)sn 96076501</subfield><subfield code="w">(OCoLC)34495648</subfield></datafield><datafield ind1="1" ind2="4" tag="780"><subfield code="t">Beaverton clarion</subfield><subfield code="w">(DLC)sn 96076500</subfield><subfield code="w">(OCoLC)34495661</subfield></datafield><datafield ind1="0" ind2="1" tag="785"><subfield code="t">Record &amp; Clarion</subfield><subfield code="x">2332-497X</subfield><subfield code="w">(DLC)  2013274220</subfield><subfield code="w">(OCoLC)864439266</subfield></datafield></record>